



@article{burger2012form,
  title={Form follows function? Linking morphological and functional polycentricity},
  author={Burger, Martijn and Meijers, Evert},
  journal={Urban studies},
  volume={49},
  number={5},
  pages={1127--1149},
  year={2012},
  publisher={SAGE Publications Sage UK: London, England},
  file={Docs/burger2011.pdf}
}


@article{taylor2008application,
  title={Application of the interlocking network model to mega-city-regions: measuring polycentricity within and beyond city-regions},
  author={Taylor, Peter J and Evans, David M and Pain, Kathy},
  journal={Regional Studies},
  volume={42},
  number={8},
  pages={1079--1093},
  year={2008},
  publisher={Taylor \& Francis},
  file={Docs/taylor2008.pdf}
}



@article{meijers2008measuring,
  title={Measuring polycentricity and its promises},
  author={Meijers, Evert},
  journal={European Planning Studies},
  volume={16},
  number={9},
  pages={1313--1323},
  year={2008},
  publisher={Taylor \& Francis},
  file={Docs/meijers2008.pdf}
}

