



@article{bettencourt2007growth,
  title={Growth, innovation, scaling, and the pace of life in cities},
  author={Bettencourt, Lu{\'\i}s MA and Lobo, Jos{\'e} and Helbing, Dirk and K{\"u}hnert, Christian and West, Geoffrey B},
  journal={Proceedings of the national academy of sciences},
  volume={104},
  number={17},
  pages={7301--7306},
  year={2007},
  publisher={National Acad Sciences}
}



@article{janssens2017edgar,
	Author = {Janssens-Maenhout, Greet and Crippa, Monica and Guizzardi, Diego and Muntean, Marilena and Schaaf, Edwin and Dentener, Frank and Bergamaschi, Peter and Pagliari, Valerio and Olivier, JGJ and Peters, JAHW and others},
	Journal = {Earth Syst. Sci. Data Discuss},
	Title = {EDGAR v4. 3.2 Global Atlas of the three major Greenhouse Gas Emissions for the period 1970--2012},
	Year = {2017}}
	


@article{viguie2012trade,
  title={Trade-offs and synergies in urban climate policies},
  author={Vigui{\'e}, Vincent and Hallegatte, St{\'e}phane},
  journal={Nature Climate Change},
  volume={2},
  number={5},
  pages={334},
  year={2012},
  publisher={Nature Publishing Group}
}


@book{hall2006polycentric,
	Author = {Hall, Peter Geoffrey and Pain, Kathy},
	Publisher = {Routledge},
	Title = {The polycentric metropolis: learning from mega-city regions in Europe},
	Year = {2006}}





@incollection{banos2012towards,
	Author = {Banos, Arnaud and Genre-Grandpierre, Cyrille},
	Booktitle = {Agent-based models of geographical systems},
	Pages = {627--641},
	Publisher = {Springer},
	Title = {Towards new metrics for urban road networks: Some preliminary evidence from agent-based simulations},
	Year = {2012}}



@article{raimbault2018urban,
	Author = {Raimbault, Juste},
	Journal = {forthcoming in Mathematics of Urban Morphology, D'Acci L. ed., Springer Birkhauser. arXiv:1805.05195},
	Title = {An Urban Morphogenesis Model Capturing Interactions between Networks and Territories},
	Year = {2018}}



@article{boccaletti2014structure,
	Author = {Boccaletti, Stefano and Bianconi, Ginestra and Criado, Regino and Del Genio, Charo I and G{\'o}mez-Gardenes, Jes{\'u}s and Romance, Miguel and Sendina-Nadal, Irene and Wang, Zhen and Zanin, Massimiliano},
	Journal = {Physics Reports},
	Number = {1},
	Pages = {1--122},
	Title = {The structure and dynamics of multilayer networks},
	Volume = {544},
	Year = {2014}}



@article{burger2012form,
	Author = {Burger, Martijn and Meijers, Evert},
	Journal = {Urban studies},
	Number = {5},
	Pages = {1127--1149},
	Title = {Form follows function? Linking morphological and functional polycentricity},
	Volume = {49},
	Year = {2012}}



@phdthesis{raimbault2018caracterisation,
  title={Caract{\'e}risation et mod{\'e}lisation de la co-{\'e}volution des r{\'e}seaux de transport et des territoires},
  author={Raimbault, Juste},
  year={2018},
  school={Universit{\'e} Paris 7 Denis Diderot}
}


@article{cottineau2018defining,
  title={Defining urban clusters to detect agglomeration economies},
  author={Cottineau, Cl{\'e}mentine and Finance, Olivier and Hatna, Erez and Arcaute, Elsa and Batty, Michael},
  journal={Environment and Planning B: Urban Analytics and City Science},
  pages={2399808318755146},
  year={2018},
  publisher={SAGE Publications Sage UK: London, England}
}



@article{huynh2018characterisation,
	Author = {Huynh, Hoai Nguyen and Makarov, Evgeny and Legara, Erika Fille and Monterola, Christopher and Chew, Lock Yue},
	Journal = {Journal of computational science},
	Pages = {34--43},
	Title = {Characterisation and comparison of spatial patterns in urban systems: A case study of US cities},
	Volume = {24},
	Year = {2018}}


@article{arcaute2016cities,
  title={Cities and regions in Britain through hierarchical percolation},
  author={Arcaute, Elsa and Molinero, Carlos and Hatna, Erez and Murcio, Roberto and Vargas-Ruiz, Camilo and Masucci, A Paolo and Batty, Michael},
  journal={Royal Society open science},
  volume={3},
  number={4},
  pages={150691},
  year={2016},
  publisher={The Royal Society}
}


@article{callaway2000network,
  title={Network robustness and fragility: Percolation on random graphs},
  author={Callaway, Duncan S and Newman, Mark EJ and Strogatz, Steven H and Watts, Duncan J},
  journal={Physical review letters},
  volume={85},
  number={25},
  pages={5468},
  year={2000},
  publisher={APS}
}


@article{lagesse2015spatial,
  title={A spatial multi-scale object to analyze road networks},
  author={Lagesse, Claire and Bordin, Patricia and Douady, Stephane},
  journal={Network Science},
  volume={3},
  number={1},
  pages={156--181},
  year={2015},
  publisher={Cambridge University Press}
}

