% Encoding: UTF-8

@Article{aleta2018multilayer,
  author  = {Aleta, A. and Moreno Y.},
  title   = {Multilayer networks in a nutshell},
  journal = {Annual Review of Condensed Matter Physics},
  year    = {2018},
  volume  = {10},
  pages   = {45-62},
  doi     = {10.1146/annurev-conmatphys-031218-013259},
}

@Article{arbabi2019development,
  author  = {Arbabi, H. and Mayfield, M. and McCann, P.},
  title   = {On the development logic of city-regions: inter-versus intra-city mobility in {England} and {Wales}},
  journal = {Spatial Economic Analysis},
  year    = {2019},
  volume  = {14},
  number  = {3},
  pages   = {1-20},
  doi     = {10.1080/17421772.2019.1569762},
}

@Article{arcaute2016cities,
  author  = {Arcaute, E. and Molinero, C. and Hatna, E. and Murcio, R. and Vargas-Ruiz, C. and Masucci, A.~P. and Batty, M.},
  title   = {Cities and regions in {Britain} through hierarchical percolation},
  journal = {Royal Society open science},
  year    = {2016},
  volume  = {3},
  number  = {4},
  pages   = {150691},
  doi     = {10.1098/rsos.150691},
}

@InCollection{banos2012towards,
  author    = {Banos, A. and Genre-Grandpierre, C.},
  title     = {Towards new metrics for urban road networks: Some preliminary evidence from agent-based simulations},
  booktitle = {Agent-based models of geographical systems},
  publisher = {Springer},
  year      = {2012},
  pages     = {627-641},
  doi       = {10.1007/978-90-481-8927-4\_31},
}

@Article{barthelemy2011spatial,
  author  = {Barth{\'e}lemy, M.},
  title   = {Spatial networks},
  journal = {Physics Reports},
  year    = {2011},
  volume  = {499},
  number  = {1-3},
  pages   = {1-101},
  doi     = {10.1016/j.physrep.2010.11.002},
}

@Book{batty1994fractal,
  title     = {Fractal cities: a geometry of form and function},
  publisher = {Academic press},
  year      = {1994},
  author    = {Batty, M. and Longley, P.~A.},
  url       = {https://dl.acm.org/citation.cfm?id=179240},
}

@Article{bettencourt2007growth,
  author  = {Bettencourt, L.~M. and Lobo, J. and Helbing, D. and K{\"u}hnert, C. and West, G.~B.},
  title   = {Growth, innovation, scaling, and the pace of life in cities},
  journal = {Proceedings of the National Academy of Sciences},
  year    = {2007},
  volume  = {104},
  number  = {17},
  pages   = {7301-7306},
  doi     = {10.1073/pnas.0610172104},
}

@Article{boccaletti2014structure,
  author  = {Boccaletti, S. and Bianconi, G. and Criado, R. and Del~Genio, C.~I. and G{\'o}mez-Gardenes, J. and Romance, M. and Sendina-Nadal, I. and Wang, Z. and Zanin, M.},
  title   = {The structure and dynamics of multilayer networks},
  journal = {Physics Reports},
  year    = {2014},
  volume  = {544},
  number  = {1},
  pages   = {1-122},
  doi     = {10.1016/j.physrep.2014.07.001},
}

@Article{burger2012form,
  author  = {Burger, M. and Meijers, E.},
  title   = {Form follows function? linking morphological and functional polycentricity},
  journal = {Urban studies},
  year    = {2012},
  volume  = {49},
  number  = {5},
  pages   = {1127-1149},
  doi     = {10.1177/0042098011407095},
}

@Article{callaway2000network,
  author  = {Callaway, D.~S. and Newman, M.~E. and Strogatz, S.~H. and Watts, D.~J.},
  title   = {Network robustness and fragility: Percolation on random graphs},
  journal = {Physical review letters},
  year    = {2000},
  volume  = {85},
  number  = {25},
  pages   = {5468},
  doi     = {10.1103/PhysRevLett.85.5468},
}

@Article{cottineau2018defining,
  author  = {Cottineau, C. and Finance, O. and Hatna, E. and Arcaute, E. and Batty, M.},
  title   = {Defining urban clusters to detect agglomeration economies},
  journal = {Environment and Planning B: Urban Analytics and City Science},
  year    = {2018},
  volume  = {in press},
  doi     = {10.1177/2399808318755146},
}

@Article{cottineau2017diverse,
  author  = {Cottineau, C. and Hatna, E. and Arcaute, E. and Batty, M.},
  title   = {Diverse cities or the systematic paradox of urban scaling laws},
  journal = {Computers, environment and urban systems},
  year    = {2017},
  volume  = {63},
  pages   = {80-94},
  doi     = {10.1016/j.compenvurbsys.2016.04.006},
}

@Article{crucitti2006centrality,
  author  = {Crucitti, P. and Latora, V. and Porta, S.},
  title   = {Centrality measures in spatial networks of urban streets},
  journal = {Physical Review E},
  year    = {2006},
  volume  = {73},
  number  = {3},
  pages   = {036125},
  doi     = {10.1103/PhysRevE.73.036125},
}

@Article{ducruet2014spatial,
  author  = {Ducruet, C. and Beauguitte, L.},
  title   = {Spatial science and network science: Review and outcomes of a complex relationship},
  journal = {Networks and Spatial Economics},
  year    = {2014},
  volume  = {14},
  number  = {3-4},
  pages   = {297-316},
  doi     = {10.1007/s11067-013-9222-6},
}

@Article{feng2018spatiotemporal,
  author  = {Feng, Y. and Wu, S. and Wu, P. and Su, S. and Weng, M. and Bian, M.},
  title   = {Spatiotemporal characterization of megaregional poly-centrality: Evidence for new urban hypotheses and implications for polycentric policies},
  journal = {Land Use Policy},
  year    = {2018},
  volume  = {77},
  pages   = {712-731},
  doi     = {10.1016/j.landusepol.2018.06.022},
}

@Article{florida2008rise,
  author  = {Florida, R. and Gulden, T. and Mellander, C.},
  title   = {The rise of the mega-region},
  journal = {Cambridge Journal of Regions, Economy and Society},
  year    = {2008},
  volume  = {1},
  number  = {3},
  pages   = {459-476},
  doi     = {10.1093/cjres/rsn018},
}

@Article{hackett2016bond,
  author  = {Hackett, A. and Cellai, D. and G{\'o}mez, S. and Arenas, A. and Gleeson, J.~P.},
  title   = {Bond percolation on multiplex networks},
  journal = {Physical Review X},
  year    = {2016},
  volume  = {6},
  number  = {2},
  pages   = {021002},
  doi     = {10.1103/PhysRevX.6.021002},
}

@Book{hall2006polycentric,
  title     = {The polycentric metropolis: learning from mega-city regions in {Europe}},
  publisher = {Earthscan},
  year      = {2006},
  author    = {Hall, P.~G. and Pain, K.},
  url       = {http://www.strategvest.ro/media/dms/file/Resurse/The%20Polycentric%20Metropolis%202006.pdf},
}

@Article{hillier1976space,
  author  = {Hillier, B. and Leaman, A. and Stansall, P. and Bedford, M.},
  title   = {Space syntax},
  journal = {Environment and Planning B: Planning and design},
  year    = {1976},
  volume  = {3},
  number  = {2},
  pages   = {147-185},
  doi     = {10.1068/b030147},
}

@Article{huynh2018characterisation,
  author  = {Huynh, H.~N. and Makarov, E. and Legara, E.~F. and Monterola, C. and Chew, L.~Y.},
  title   = {Characterisation and comparison of spatial patterns in urban systems: A case study of {U.S.} cities},
  journal = {Journal of Computational Science},
  year    = {2018},
  volume  = {24},
  pages   = {34-43},
  doi     = {10.1016/j.jocs.2017.12.001},
}

@Article{janssens2017edgar,
  author  = {Janssens-Maenhout, G. and Crippa, M. and Guizzardi, D. and Muntean, M. and Schaaf, E. and Dentener, F. and Bergamaschi, P. and Pagliari, V. and Olivier, J. and Peters, J. and van Aardenne, J. A. and Monni, S. and Doering, U. and Petrescu, A. M. R.},
  title   = {{EDGAR} v4.3.2 Global Atlas of the three major greenhouse gas emissions for the period 1970--2012},
  journal = {Earth System Science Data},
  year    = {2017},
  volume  = {11},
  pages   = {959-1002},
  doi     = {10.5194/essd-11-959-2019},
}

@Article{komiyama2006sustainability,
  author  = {Komiyama, H. and Takeuchi, K.},
  title   = {Sustainability science: building a new discipline},
  journal = {Sustainability Science},
  year    = {2006},
  volume  = {1},
  number  = {1},
  pages   = {1-6},
  doi     = {10.1007/s11625-006-0007-4},
}

@Article{lagesse2015spatial,
  author  = {Lagesse, C. and Bordin, P. and Douady, S.},
  title   = {A spatial multi-scale object to analyze road networks},
  journal = {Network Science},
  year    = {2015},
  volume  = {3},
  number  = {1},
  pages   = {156-181},
  doi     = {10.1017/nws.2015.4},
}

@TechReport{lang2005beyond,
  author      = {Lang, R.~E. and Dhavale, D.},
  title       = {Beyond megalopolis: Exploring america's new "megapolitan" geography},
  institution = {Brookings Mountain West},
  year        = {2005},
  type        = {Technical Report},
  number      = {38},
  url         = {https://digitalscholarship.unlv.edu/brookings_pubs/38/},
}

@InCollection{laquian2011planning,
  author      = {Laquian, A.},
  title       = {The planning and governance of {Asia}'s mega-urban regions},
  booktitle   = {Population Distribution, Urbanization, Internal Migration and Development: An International Perspective},
  publisher   = {United Nations Publication},
  year        = {2011},
  chapter     = {14},
  pages       = {302-322},
  institution = {United Nations Department of Economic and Social Affairs Population Division},
  url         = {https://drive.uqu.edu.sa/_/aeelfarouk/files/PopulationDistributionUrbanization.pdf},
}

@Article{lashof1990relative,
  author  = {Lashof, D.~A. and Ahuja, D.~R.},
  title   = {Relative contributions of greenhouse gas emissions to global warming},
  journal = {Nature},
  year    = {1990},
  volume  = {344},
  pages   = {529-531},
  doi     = {10.1038/344529a0},
}

@Article{le2012urban,
  author  = {Le~N{\'e}chet, F.},
  title   = {Urban spatial structure, daily mobility and energy consumption: a study of 34 {European} cities},
  journal = {Cybergeo: European Journal of Geography},
  year    = {2012},
  pages   = {580},
  doi     = {10.4000/cybergeo.24966},
}

@InCollection{lenechet2017peupler,
  author    = {Le~N{\'e}chet, F.},
  title     = {De l'{\'e}talement urbain aux r{\'e}gions m{\'e}tropolitaines polycentriques : formes de fonctionnement et formes de gouvernance},
  booktitle = {Peupler la terre - De la pr{\'e}histoire {\`a} l'{\`e}re des m{\'e}tropoles},
  publisher = {Presses Universitaires Francois Rabelais},
  year      = {2017},
  chapter   = {13},
  pages     = {361-383},
  doi       = {10.4000/books.pufr.10467},
}

@Article{Li669,
  author  = {Li, D. and Fu, B. and Wang, Y. and Lu, G. and Berezin, Y. and Stanley, H.~E. and Havlin, S.},
  title   = {Percolation transition in dynamical traffic network with evolving critical bottlenecks},
  journal = {Proceedings of the National Academy of Sciences},
  year    = {2015},
  volume  = {112},
  number  = {3},
  pages   = {669-672},
  doi     = {10.1073/pnas.1419185112},
}

@Article{louf2013modeling,
  author  = {Louf, R. and Barthelemy, M.},
  title   = {Modeling the polycentric transition of cities},
  journal = {Physical review letters},
  year    = {2013},
  volume  = {111},
  number  = {19},
  pages   = {198702},
  doi     = {10.1103/PhysRevLett.111.198702},
}

@Article{makse1998modeling,
  author  = {Makse, H.~A. and Andrade, J.~S. and Batty, M. and Havlin, S. and Stanley, H.~E.},
  title   = {Modeling urban growth patterns with correlated percolation},
  journal = {Physical Review E},
  year    = {1998},
  volume  = {58},
  number  = {6},
  pages   = {7054},
  doi     = {10.1103/PhysRevE.58.7054},
}

@Article{marull2013emerging,
  author  = {Marull, J. and Galletto, V. and Domene, E. and Trull{\'e}n, J.},
  title   = {Emerging megaregions: A new spatial scale to explore urban sustainability},
  journal = {Land Use Policy},
  year    = {2013},
  volume  = {34},
  pages   = {353-366},
  doi     = {10.1016/j.landusepol.2013.04.008},
}

@TechReport{mcnally2000four,
  author      = {McNally, M.~G.},
  title       = {The four step model},
  institution = {University of California Irvine, Institute of Transportation Studies, Center for Activity Systems Analysis},
  year        = {2000},
  type        = {Technical Report},
  number      = {UCI-ITS-AS-WP-07-2},
  booktitle   = {Handbook of Transport Modelling},
  url         = {https://escholarship.org/uc/item/0r75311t},
}

@Article{newman1999scaling,
  author  = {Newman, M. E. J. and Watts, D. J.},
  title   = {Scaling and percolation in the small-world network model},
  journal = {Physical Review E},
  year    = {1999},
  volume  = {60},
  number  = {6},
  pages   = {7332-7342},
  doi     = {10.1103/PhysRevE.60.7332},
}

@Article{espacegeo2014effets,
  author  = {Offner, J.-M. and Beaucire, F. and Delaplace, M. and Fr{\'e}mont, A. and Ninot, O. and Bretagnolle, A. and Pumain, D.},
  title   = {Les effets structurants des infrastructures de transport},
  journal = {Espace Geographique},
  year    = {2014},
  volume  = {43},
  pages   = {51-67},
  doi     = {10.3917/eg.431.0051},
}

@Article{penrose1999k,
  author  = {Penrose, M.~D.},
  title   = {On $k$-connectivity for a geometric random graph},
  journal = {Random Structures \& Algorithms},
  year    = {1999},
  volume  = {15},
  number  = {2},
  pages   = {145-164},
  doi     = {10.1002/(SICI)1098-2418(199909)15:2<145::AID-RSA2>3.0.CO;2-G},
}

@InProceedings{perez2016agent,
  author    = {Perez, P. and Banos, A. and Pettit, C.},
  title     = {Agent-based modelling for urban planning current limitations and future trends},
  booktitle = {International Workshop on Agent Based Modelling of Urban Systems},
  year      = {2016},
  volume    = {10051},
  series    = {Lecture Notes in Computer Science},
  pages     = {60-69},
  doi       = {10.1007/978-3-319-51957-9\_4},
}

@Article{piovani2017urban,
  author  = {Piovani, D. and Molinero, C. and Wilson, A.},
  title   = {Urban retail location: insights from percolation theory and spatial interaction modeling},
  journal = {PloS One},
  year    = {2017},
  volume  = {12},
  number  = {10},
  pages   = {e0185787},
  doi     = {10.1371/journal.pone.0185787},
}

@Article{raimbault2018calibration,
  author  = {Raimbault, J.},
  title   = {Calibration of a density-based model of urban morphogenesis},
  journal = {PloS one},
  year    = {2018},
  volume  = {13},
  number  = {9},
  pages   = {e0203516},
  doi     = {10.1371/journal.pone.0203516},
}

@PhdThesis{raimbault2018caracterisation,
  author  = {Raimbault, J.},
  title   = {Caract{\'e}risation et mod{\'e}lisation de la co-{\'e}volution des r{\'e}seaux de transport et des territoires},
  school  = {Universit{\'e} Paris 7 Denis Diderot},
  year    = {2018},
  type    = {PhD Thesis},
  journal = {Ph.\ D. thesis},
  url     = {https://tel.archives-ouvertes.fr/tel-01857741},
}

@Article{raimbault2018indirect,
  author  = {Raimbault, J.},
  title   = {Indirect evidence of network effects in a system of cities},
  journal = {Environment and Planning B: Urban Analytics and City Science},
  year    = {2018},
  volume  = {in press},
  doi     = {10.1177/2399808318774335},
}

@InCollection{raimbault2018urban,
  author    = {Raimbault, J.},
  title     = {An urban morphogenesis model capturing interactions between networks and territories},
  booktitle = {The Mathematics of Urban Morphology},
  publisher = {Springer},
  year      = {2019},
  series    = {Modeling and Simulation in Science, Engineering and Technology},
  pages     = {383-409},
  doi       = {10.1007/978-3-030-12381-9\_17},
}

@Article{reuillon2013openmole,
  author  = {Reuillon, R. and Leclaire, M. and Rey-Coyrehourcq, S.},
  title   = {{OpenMOLE}, a workflow engine specifically tailored for the distributed exploration of simulation models},
  journal = {Future Generation Computer Systems},
  year    = {2013},
  volume  = {29},
  number  = {8},
  pages   = {1981-1990},
  doi     = {10.1016/j.future.2013.05.003},
}

@Book{sanders2017peupler,
  title     = {Peupler la terre - De la pr{\'e}histoire {\`a} l'{\`e}re des m{\'e}tropoles},
  publisher = {Presses Universitaires Francois Rabelais},
  year      = {2017},
  author    = {Sanders, L.},
  series    = {Villes et territoires},
  url       = {https://pufr-editions.fr/produit/peupler-la-terre/},
}

@Article{son2012percolation,
  author  = {Son, S.-W. and Bizhani, G. and Christensen, C. and Grassberger, P. and Paczuski, M.},
  title   = {Percolation theory on interdependent networks based on epidemic spreading},
  journal = {Europhysics Letters},
  year    = {2012},
  volume  = {97},
  number  = {1},
  pages   = {16006},
  doi     = {10.1209/0295-5075/97/16006},
}

@Book{sorensen2010megacities,
  title     = {Megacities: Urban form, governance, and sustainability},
  publisher = {Springer},
  year      = {2010},
  author    = {Sorensen, A. and Okata, J.},
  volume    = {10},
  series    = {cSUR-UT Series: Library for Sustainable Urban Regeneration},
  doi       = {10.1007/978-4-431-99267-7},
}

@Book{stauffer2014introduction,
  title     = {Introduction to percolation theory},
  publisher = {CRC Press / Taylor \& Francis},
  year      = {2014},
  author    = {Stauffer, D. and Aharony, A.},
  url       = {https://www.crcpress.com/Introduction-To-Percolation-Theory-Second-Edition/Stauffer-Aharony/p/book/9780748402533},
}

@Article{su2017china,
  author  = {Su, S. and Liu, Z. and Xu, Y. and Li, J. and Pi, J. and Weng, M.},
  title   = {China's megaregion policy: Performance evaluation framework, empirical findings and implications for spatial polycentric governance},
  journal = {Land Use Policy},
  year    = {2017},
  volume  = {63},
  pages   = {1-19},
  doi     = {10.1016/j.landusepol.2017.01.014},
}

@InCollection{tammaru2015multi,
  author    = {Tammaru, T. and Marci{\'n}czak, S. and Van~Ham, M. and Musterd, S.},
  title     = {A multi-factor approach to understanding socio-economic segregation in {European} capital cities},
  booktitle = {Socio-economic segregation in European capital cities - East Meets West},
  publisher = {Taylor \& Francis},
  pages     = {1-29},
  year      = {2015},
  chapter   = {1},
  doi       = {10.4324/9781315758879},
}

@Article{tobler2004first,
  author  = {Tobler, W.},
  title   = {On the first law of geography: A reply},
  journal = {Annals of the Association of American Geographers},
  year    = {2004},
  volume  = {94},
  number  = {2},
  pages   = {304-310},
  doi     = {10.1111/j.1467-8306.2004.09402009.x},
}

@Article{viguie2012trade,
  author  = {Vigui{\'e}, V. and Hallegatte, S.},
  title   = {Trade-offs and synergies in urban climate policies},
  journal = {Nature Climate Change},
  year    = {2012},
  volume  = {2},
  pages   = {334-337},
  doi     = {10.1038/nclimate1434},
}

@Article{Zeng23,
  author  = {Zeng, G. and Li, D. and Guo, S. and Gao, L. and Gao, Z. and Stanley, H.~E. and Havlin, S.},
  title   = {Switch between critical percolation modes in city traffic dynamics},
  journal = {Proceedings of the National Academy of Sciences},
  year    = {2019},
  volume  = {116},
  number  = {1},
  pages   = {23-28},
  doi     = {10.1073/pnas.1801545116},
}

@Comment{jabref-meta: databaseType:bibtex;}
