

@article{reuillon2013openmole,
  title={OpenMOLE, a workflow engine specifically tailored for the distributed exploration of simulation models},
  author={Reuillon, Romain and Leclaire, Mathieu and Rey-Coyrehourcq, Sebastien},
  journal={Future Generation Computer Systems},
  volume={29},
  number={8},
  pages={1981--1990},
  year={2013},
  publisher={Elsevier}
}


@article{janssens2017edgar,
  title={EDGAR v4. 3.2 Global Atlas of the three major Greenhouse Gas Emissions for the period 1970--2012},
  author={Janssens-Maenhout, Greet and Crippa, Monica and Guizzardi, Diego and Muntean, Marilena and Schaaf, Edwin and Dentener, Frank and Bergamaschi, Peter and Pagliari, Valerio and Olivier, JGJ and Peters, JAHW and others},
  journal={Earth Syst. Sci. Data Discuss},
  year={2017}
}


@book{hall2006polycentric,
  title={The polycentric metropolis: learning from mega-city regions in Europe},
  author={Hall, Peter Geoffrey and Pain, Kathy},
  year={2006},
  publisher={Routledge}
}


@article{raimbault2018urban,
  title={An Urban Morphogenesis Model Capturing Interactions between Networks and Territories},
  author={Raimbault, Juste},
  journal={arXiv preprint arXiv:1805.05195},
  year={2018}
}



@article{boccaletti2014structure,
  title={The structure and dynamics of multilayer networks},
  author={Boccaletti, Stefano and Bianconi, Ginestra and Criado, Regino and Del Genio, Charo I and G{\'o}mez-Gardenes, Jes{\'u}s and Romance, Miguel and Sendina-Nadal, Irene and Wang, Zhen and Zanin, Massimiliano},
  journal={Physics Reports},
  volume={544},
  number={1},
  pages={1--122},
  year={2014},
  publisher={Elsevier}
}


@article{burger2012form,
	Author = {Burger, Martijn and Meijers, Evert},
	Journal = {Urban studies},
	Number = {5},
	Pages = {1127--1149},
	Title = {Form follows function? Linking morphological and functional polycentricity},
	Volume = {49},
	Year = {2012}}



@article{huynh2018characterisation,
  title={Characterisation and comparison of spatial patterns in urban systems: A case study of US cities},
  author={Huynh, Hoai Nguyen and Makarov, Evgeny and Legara, Erika Fille and Monterola, Christopher and Chew, Lock Yue},
  journal={Journal of computational science},
  volume={24},
  pages={34--43},
  year={2018},
  publisher={Elsevier}
}


@article{makse1998modeling,
  title={Modeling urban growth patterns with correlated percolation},
  author={Makse, Hern{\'a}n A and Andrade, Jos{\'e} S and Batty, Michael and Havlin, Shlomo and Stanley, H Eugene and others},
  journal={Physical Review E},
  volume={58},
  number={6},
  pages={7054},
  year={1998},
  publisher={APS}
}


@article{arcaute2016cities,
  title={Cities and regions in Britain through hierarchical percolation},
  author={Arcaute, Elsa and Molinero, Carlos and Hatna, Erez and Murcio, Roberto and Vargas-Ruiz, Camilo and Masucci, A Paolo and Batty, Michael},
  journal={Royal Society open science},
  volume={3},
  number={4},
  pages={150691},
  year={2016},
  publisher={The Royal Society}
}
